@article{katz_deligne,
author = {Katz, Nicholas},
year = {1976},
month = {01},
pages = {},
title = {An overview of Deligne’s proof of the Riemann hypothesis for varieties over finite fields (Hilbert’s problem 8)},
volume = {28},
journal = {Proc. Symp. Pure Math. Amer. Math. Soc.},
doi = {10.1090/pspum/028.1/9907},
url = {https://web.math.princeton.edu/~nmk/old/DeligneRHOverview.pdf}
}
@book{freitag_kiehl, place={Berlin}, title={Etale cohomology and the Weil conjecture}, publisher={Springer-Verlag}, author={Freitag, E. and Kiehl, Reinhardt}, year={1988}}
@book{milne_etale_cohomology, title={Etale cohomology (pms-33), volume 33}, publisher={Princeton University Press}, author={Milne, J. S.}, year={2017}}