@article{ katz_deligne,
	author     = {Katz, Nicholas},
	year       = {1976},
	month      = {01},
	pages      = {},
	title      = {An overview of Deligne’s proof of the Riemann hypothesis for varieties over finite fields (Hilbert’s problem 8)},
	volume     = {28},
	journal    = {Proc. Symp. Pure Math. Amer. Math. Soc.},
	doi        = {10.1090/pspum/028.1/9907},
	url        = {https://web.math.princeton.edu/~nmk/old/DeligneRHOverview.pdf}
}

@book{ freitag_kiehl, 
	place      =  {Berlin}, 
	title      =  {Etale cohomology and the Weil conjecture}, publisher={Springer-Verlag}, 
	author     =  {Freitag, E. and Kiehl, Reinhardt}, 
	year       =  {1988}
}

@book{ milne_etale_cohomology, 
	title      =  {Etale cohomology (pms-33), volume 33}, 
	publisher  =  {Princeton University Press}, 
	author     =  {Milne, J. S.}, 
	year       =  {2017}
}

@online{ tsimerman_etale_fundamental_group, 
	title      =  {Lecture 6: Etale Fundamental Group}, 
	author     =  {Tsimerman, Jacob}, 
	url        =  {http://www.math.toronto.edu/%7Ejacobt/Lecture6.pdf}
}

@online{ tsimerman_etale_fundamental_calculations, 
	title      =  {Lecture 7: Etale Fundamental Group - Examples}, 
	author     =  {Tsimerman, Jacob}, 
	url        =  {http://www.math.toronto.edu/%7Ejacobt/Lecture7.pdf}
}

@online{ stacks-project,
	author     = {The {Stacks project authors}},
	title      = {The Stacks project},
	shorthand  = {Stacks},
	chapter    = {Etale Cohomology},
	url        = {https://stacks.math.columbia.edu/tag/03N1},
	year       = {2019},
}
@online{ akhil_matthew, 
	title      =  {Tsen's Theorem}, 
	author     =  {Matthew, Akhil}, 
	url        =  {https://amathew.wordpress.com/2011/05/07/tsens-theorem/}
}

@online{ alex_youcis, 
	title      =  {Brauer group of a number ring}, 
	author     =  {Youcis, Alex}, 
	url        =  {https://ayoucis.wordpress.com/2015/07/20/a-computation-a-day-the-brauer-group-of-a-number-ring/},
}

@online{ akshay_venkatesh, 
	title      =  {Artin Approximation and Proper Base Change}, 
	author     =  {Venkatesh, Akshay}, 
	url        =  {http://virtualmath1.stanford.edu/~conrad/Weil2seminar/Notes/L6.pdf}
}